
@inproceedings{li_cutpaste_2021,
	title = {{CutPaste}: {Self}-{Supervised} {Learning} for {Anomaly} {Detection} and {Localization}},
	shorttitle = {{CutPaste}},
	url = {https://openaccess.thecvf.com/content/CVPR2021/html/Li_CutPaste_Self-Supervised_Learning_for_Anomaly_Detection_and_Localization_CVPR_2021_paper.html},
	language = {en},
	urldate = {2021-12-20},
	author = {Li, Chun-Liang and Sohn, Kihyuk and Yoon, Jinsung and Pfister, Tomas},
	year = {2021},
	pages = {9664--9674},
	file = {Full Text PDF:D\:\\文档\\Zotero\\storage\\AWTB7V45\\Li 等。 - 2021 - CutPaste Self-Supervised Learning for Anomaly Det.pdf:application/pdf;Snapshot:D\:\\文档\\Zotero\\storage\\GG93XLYJ\\Li_CutPaste_Self-Supervised_Learning_for_Anomaly_Detection_and_Localization_CVPR_2021_paper.html:text/html},
}

@inproceedings{yang_learning_2021,
	title = {Learning {To} {Segment} {Rigid} {Motions} {From} {Two} {Frames}},
	url = {https://openaccess.thecvf.com/content/CVPR2021/html/Yang_Learning_To_Segment_Rigid_Motions_From_Two_Frames_CVPR_2021_paper.html},
	language = {en},
	urldate = {2021-12-20},
	author = {Yang, Gengshan and Ramanan, Deva},
	year = {2021},
	pages = {1266--1275},
	file = {Full Text PDF:D\:\\文档\\Zotero\\storage\\8VY56V8T\\Yang 和 Ramanan - 2021 - Learning To Segment Rigid Motions From Two Frames.pdf:application/pdf;Snapshot:D\:\\文档\\Zotero\\storage\\GU8IA3ZP\\Yang_Learning_To_Segment_Rigid_Motions_From_Two_Frames_CVPR_2021_paper.html:text/html},
}
